@book{fadingchannels,
    author="firstname lastname",
    title="havetofind",
    isbn=0,
    pages="123",
    year=0,
    DOI="havetofind"
}