@inproceedings{52259,
title	= {BiLex Rx: Lexical Data Augmentation for Massively Multilingual Machine Translation},
author	= {Alex Jones and Isaac Caswell and Orhan Firat},
year	= {2023},
doi     = {https://doi.org/10.48550/arXiv.2303.15265},
}